@article{LeapGraph,
author = "Nicholas G. Duffield, Zihui Ge, Seungjoon Lee and Jeffrey Pang",
title = "Modeling Cellular User Mobility using a Leap Graph",
journal = "PAM",
year = "2013"
}


@INPROCEEDINGS{Liu97anoptimal,
    author = {Tong Liu and Paramvir Bahl and Imrich Chlamtac},
    title = {An Optimal Self-Learning Estimator for Predicting Inter-Cell User Trajectory},
    booktitle = {Wireless Radio Networks, proceedings of ICUPC},
    year = {1997},
    pages = {438--442}
}

@INPROCEEDINGS{nokiaMdc,
    author = {N. Kiukkonen and  J. Blom and O. Dousse and D. Gatica-Perez and J. Laurila},
    title = {Towards rich mobile phone datasets: Lausanne data collection campaign},
    booktitle = {Proceedings of ICPS},
    year = {2010}
}

@MISC{EricssonData,
 author = {Ericsson},
 title = {Mobile data traffic surpasses voice},
 month = mar,
 year = {2010},
 howpublished={\url{http://www.ericsson.com/thecompany/press/releases/2010/03/1396928}}
}

@article{mobilityprofiler,
author = "Murat Ali Bayir, Murat Demirbasa and Nathan Eagle",
title = "Mobility profiler: A framework for discovering mobility profiles of cell
phone users",
journal = "Pervasive and Mobile Computing",
year = "2010"
}

@MISC{googleNow,
 author = {Google Inc.},
 title = {Google Now},
 month = dec,
 year = {2012},
 howpublished={\url{http://www.google.com/landing/now/}}
}


@MISC{openCellId,
 title = {OpenCellID},
 author = {8Motions},
 month = dec,
 year = {2012},
 howpublished={\url{http://opencellid.org/}}
}

@MISC{openBMap,
 author = {openBMap},
 title = {openBMap},
 month = dec,
 year = {2012},
 howpublished={\url{http://openbmap.org/}}
}

@MISC{navizon,
 author = {Navizon Inc.},
 title = {Navizon},
 month = dec,
 year = {2012},
 howpublished={\url{http://www.navizon.com/}}
}

@article{newman,
  title = {Finding and evaluating community structure in networks},
  author = {Newman, M. E. J. and Girvan, M.},
  journal = {Phys. Rev. E},
  volume = {69},
  issue = {2},
  pages = {026113},
  numpages = {15},
  year = {2004},
  month = {Feb},
  doi = {10.1103/PhysRevE.69.026113},
  url = {http://link.aps.org/doi/10.1103/PhysRevE.69.026113},
  publisher = {American Physical Society}
}

@article{haversine,
    author = {Sinnott, R. W.},
    citeulike-article-id = {8538362},
    journal = {Sky and Telescope},
    keywords = {da},
    number = {2},
    pages = {159+},
    posted-at = {2011-01-11 15:50:04},
    priority = {2},
    title = {Virtues of the Haversine},
    volume = {68},
    year = {1984}
}

@article{overlapping,
author = {Sanjeev Arora and Rong Ge and Sushant Sachdeva and Grant Schoenebeck},
title = {Finding overlapping communities in social networks: toward a rigorous approach},
year = {2012},
pages = {37--54},
doi = {10.1145/2229012.2229020},
masid = {56914718}
}

@article{rm,
author = {Nathan Eagle and David Lazer},
title = {{Inferring Social Network Structure using Mobile Phone Data}},
journal = {Proceedings of The National Academy of Sciences},
masid = {5435777}
}

@article{sparsecuts,
author = {Reid Andersen and Yuval Peres},
title = {{Finding Sparse Cuts Locally Using Evolving Sets}},
journal = {Computing Research Repository},
volume = {abs/0811.3},
year = {2008},
masid = {4374451}
}
